<?xml version="1.0" encoding="UTF-8"?><collection xmlns="http://www.loc.gov/MARC21/slim"><record><leader>00473nam--2200133-i-4500</leader><controlfield tag="001">000001597</controlfield><controlfield tag="002">20161230</controlfield><controlfield tag="005">20161230201024</controlfield><controlfield tag="008">060222s1000------------r-----000-0-eng-d</controlfield><datafield ind1=" " ind2=" " tag="080"><subfield code="a">621.039.5(043)</subfield></datafield><datafield ind1=" " ind2=" " tag="100"><subfield code="a">Erradi, Lahoussine</subfield></datafield><datafield ind1=" " ind2=" " tag="245"><subfield code="a">Marius-iv-etude neutronique d un reseau de reacteur a haute temperature a cycle thorium- uranium :bilans neutroniques, heterogeneites spatiales.these</subfield></datafield><datafield ind1=" " ind2=" " tag="260"><subfield code="a">Orsay, Universite De Paris-sud, 1977. 160 P. + 20 Fig</subfield></datafield><datafield ind1=" " ind2=" " tag="852"><subfield code="a">46444</subfield></datafield></record></collection>